<collection xmlns:xsi="http://www.w3.org/2001/XMLSchema-instance" xmlns="http://www.loc.gov/MARC21/slim" xsi:schemaLocation="http://www.loc.gov/MARC21/slim http://www.loc.gov/standards/marcxml/schema/MARC21slim.xsd">

<record>
  <leader>14284ckdaa2201453 a 4500</leader>
  <controlfield tag="001">3462407</controlfield>
  <controlfield tag="005">20100226103440.0</controlfield>
  <controlfield tag="008">890530s1905    xx ||| |||||||   1k|eng d</controlfield>
  <datafield tag="035" ind1=" " ind2=" ">
    <subfield code="a">(OCoLC)82039268</subfield>
  </datafield>
  <datafield tag="035" ind1=" " ind2=" ">
    <subfield code="a">(OCoLC)ocm82039268</subfield>
  </datafield>
  <datafield tag="035" ind1=" " ind2=" ">
    <subfield code="a">(CStRLIN)NYDA89-F660</subfield>
  </datafield>
  <datafield tag="035" ind1=" " ind2=" ">
    <subfield code="9">AAA2878AD</subfield>
  </datafield>
  <datafield tag="035" ind1=" " ind2=" ">
    <subfield code="a">(NNC)3462407</subfield>
  </datafield>
  <datafield tag="040" ind1=" " ind2=" ">
    <subfield code="a">NNC</subfield>
    <subfield code="c">NNC</subfield>
    <subfield code="e">gihc</subfield>
  </datafield>
  <datafield tag="043" ind1=" " ind2=" ">
    <subfield code="a">n-us-ca</subfield>
  </datafield>
  <datafield tag="110" ind1="2" ind2=" ">
    <subfield code="a">Greene &amp; Greene.</subfield>
  </datafield>
  <datafield tag="240" ind1="1" ind2="0">
    <subfield code="a">Arthur A. Libby house (Pasadena, Calif.)</subfield>
  </datafield>
  <datafield tag="245" ind1="1" ind2="0">
    <subfield code="a">Residence for Dr. A. A. Libby at Pasadena. Cal.</subfield>
    <subfield code="h">[graphic] /</subfield>
    <subfield code="c">Greene &amp; Greene, Archt̀s.</subfield>
  </datafield>
  <datafield tag="260" ind1=" " ind2=" ">
    <subfield code="c">[1905]</subfield>
  </datafield>
  <datafield tag="300" ind1=" " ind2=" ">
    <subfield code="a">74 sheets :</subfield>
    <subfield code="b">various media ;</subfield>
    <subfield code="c">65.2 x 66.4 cm. (25 3/4 x 26 1/8 in.) or smaller.</subfield>
  </datafield>
  <datafield tag="500" ind1=" " ind2=" ">
    <subfield code="a">Date from inventory.</subfield>
  </datafield>
  <datafield tag="500" ind1=" " ind2=" ">
    <subfield code="a">Bracketed title elements supplied by cataloger or taken from inventory.</subfield>
  </datafield>
  <datafield tag="500" ind1=" " ind2=" ">
    <subfield code="a">Forms part of the Greene &amp; Greene collection of architectural drawings ; job no. 154.</subfield>
  </datafield>
  <datafield tag="500" ind1=" " ind2=" ">
    <subfield code="a">Many of the drawings have sustained severe water damage.</subfield>
  </datafield>
  <datafield tag="500" ind1=" " ind2=" ">
    <subfield code="a">Scale varies.</subfield>
  </datafield>
  <datafield tag="500" ind1=" " ind2=" ">
    <subfield code="a">This set consists of 56 blueprints on paper, 4 blueprints with crayon markings on paper, 4 blueprints with pencil and crayon markings on paper, 3 ink drawings on cloth, 3 ink drawings on cloth with pencil markings and also with ink wash applied to the verso, 2 pencil drawings on paper, 2 ink drawings with ink wash applied to the verso on cloth, 1 pencil drawing on cloth, 1 crayon and pencil drawing on paper, and 1 ink drawing on cloth with ink wash applied to both the recto and verso.</subfield>
  </datafield>
  <datafield tag="561" ind1=" " ind2=" ">
    <subfield code="a">Gift of Jean Murray Bangs (Mrs. Harwell Hamilton Harris), 1960; formerly the collection of Charles Sumner Greene.</subfield>
  </datafield>
  <datafield tag="650" ind1=" " ind2="7">
    <subfield code="a">Houses.</subfield>
    <subfield code="2">aat</subfield>
  </datafield>
  <datafield tag="650" ind1=" " ind2="7">
    <subfield code="a">Garages.</subfield>
    <subfield code="2">aat</subfield>
  </datafield>
  <datafield tag="650" ind1=" " ind2="7">
    <subfield code="a">Barns.</subfield>
    <subfield code="2">aat</subfield>
  </datafield>
  <datafield tag="655" ind1=" " ind2="7">
    <subfield code="a">Detail drawings.</subfield>
    <subfield code="2">aat</subfield>
  </datafield>
  <datafield tag="655" ind1=" " ind2="7">
    <subfield code="a">Sketches.</subfield>
    <subfield code="2">aat</subfield>
  </datafield>
  <datafield tag="655" ind1=" " ind2="7">
    <subfield code="a">Architectural drawings</subfield>
    <subfield code="x">American.</subfield>
    <subfield code="2">aat</subfield>
  </datafield>
  <datafield tag="655" ind1=" " ind2="7">
    <subfield code="a">Orthographic drawings.</subfield>
    <subfield code="2">aat</subfield>
  </datafield>
  <datafield tag="691" ind1=" " ind2="0">
    <subfield code="a">Pasadena (Calif.)</subfield>
  </datafield>
  <datafield tag="650" ind1=" " ind2="0">
    <subfield code="a">Architecture</subfield>
    <subfield code="z">United States</subfield>
    <subfield code="v">Designs and plans.</subfield>
  </datafield>
  <datafield tag="697" ind1="2" ind2="4">
    <subfield code="a">Arthur A. Libby house (Pasadena, Calif.)</subfield>
  </datafield>
  <datafield tag="700" ind1="1" ind2=" ">
    <subfield code="a">Greene, Charles Sumner,</subfield>
    <subfield code="d">1868-1957.</subfield>
  </datafield>
  <datafield tag="700" ind1="1" ind2=" ">
    <subfield code="a">Greene, Henry Mather,</subfield>
    <subfield code="d">1870-1954.</subfield>
  </datafield>
  <datafield tag="700" ind1="1" ind2=" ">
    <subfield code="a">Libby, Arthur A.</subfield>
  </datafield>
  <datafield tag="755" ind1=" " ind2=" ">
    <subfield code="a">Blueprints.</subfield>
    <subfield code="2">aat</subfield>
  </datafield>
  <datafield tag="755" ind1=" " ind2=" ">
    <subfield code="a">Ink drawings.</subfield>
    <subfield code="2">aat</subfield>
  </datafield>
  <datafield tag="755" ind1=" " ind2=" ">
    <subfield code="a">Crayon drawings.</subfield>
    <subfield code="2">aat</subfield>
  </datafield>
  <datafield tag="755" ind1=" " ind2=" ">
    <subfield code="a">Pencil drawings.</subfield>
    <subfield code="2">aat</subfield>
  </datafield>
  <datafield tag="755" ind1=" " ind2=" ">
    <subfield code="a">Ink wash drawings.</subfield>
    <subfield code="2">aat</subfield>
  </datafield>
  <datafield tag="799" ind1="4" ind2="3">
    <subfield code="a">The Greene &amp; Greene collection of architectural drawings.</subfield>
  </datafield>
  <datafield tag="789" ind1="0" ind2=" ">
    <subfield code="1">[1]</subfield>
    <subfield code="i">NYDA.1960.001.02429.</subfield>
    <subfield code="v">[AVERYimage].</subfield>
    <subfield code="t">Foundation plan ; [foundation details] -- post footing, wall section (see elevations for height of walls), porch piers, section "C-C" :</subfield>
    <subfield code="n">Sheet no. 1.</subfield>
  </datafield>
  <datafield tag="789" ind1="0" ind2=" ">
    <subfield code="1">[2]</subfield>
    <subfield code="i">NYDA.1960.001.02430.</subfield>
    <subfield code="v">[AVERYimage].</subfield>
    <subfield code="t">Foundation plan ; [foundation details] -- post footing, wall section (see elevations for height of walls), porch piers, section "C-C" :</subfield>
    <subfield code="n">Sheet no. 1.</subfield>
  </datafield>
  <datafield tag="789" ind1="0" ind2=" ">
    <subfield code="1">[3]</subfield>
    <subfield code="i">NYDA.1960.001.02431.</subfield>
    <subfield code="v">[AVERYimage].</subfield>
    <subfield code="t">Foundation plan ; [foundation details] -- post footing, wall section (see elevations for height of walls), porch piers, section "C-C" :</subfield>
    <subfield code="n">Sheet no. 1.</subfield>
  </datafield>
  <datafield tag="789" ind1="0" ind2=" ">
    <subfield code="1">[4]</subfield>
    <subfield code="i">NYDA.1960.001.02432.</subfield>
    <subfield code="v">[AVERYimage].</subfield>
    <subfield code="t">Foundation plan ; [foundation details] -- post footing, wall section (see elevations for height of walls), porch piers, section "C-C" :</subfield>
    <subfield code="n">Sheet no. 1.</subfield>
    <subfield code="o">Encapsulated in mylar.</subfield>
  </datafield>
  <datafield tag="789" ind1="0" ind2=" ">
    <subfield code="1">[5]</subfield>
    <subfield code="i">NYDA.1960.001.02433.</subfield>
    <subfield code="v">[AVERYimage].</subfield>
    <subfield code="t">Foundation plan ; [foundation details] -- post footing, wall section (see elevations for height of walls), porch piers, section "C-C" :</subfield>
    <subfield code="n">Sheet no. 1.</subfield>
    <subfield code="o">Encapsulated in mylar.</subfield>
  </datafield>
  <datafield tag="789" ind1="0" ind2=" ">
    <subfield code="1">[6]</subfield>
    <subfield code="i">NYDA.1960.001.02434.</subfield>
    <subfield code="v">[AVERYimage].</subfield>
    <subfield code="t">Foundation plan ; [foundation details] -- post footing, wall section (see elevations for height of walls), porch piers, section "C-C" :</subfield>
    <subfield code="n">Sheet no. 1.</subfield>
    <subfield code="o">Encapsulated in mylar.</subfield>
  </datafield>
  <datafield tag="789" ind1="0" ind2=" ">
    <subfield code="1">[7]</subfield>
    <subfield code="i">NYDA.1960.001.02435.</subfield>
    <subfield code="v">[AVERYimage].</subfield>
    <subfield code="t">Foundation plan ; [foundation details] -- post footing, wall section (see elevations for height of walls), porch piers, section "C-C" :</subfield>
    <subfield code="n">Sheet no. 1.</subfield>
    <subfield code="o">Encapsulated in mylar.</subfield>
  </datafield>
  <datafield tag="789" ind1="0" ind2=" ">
    <subfield code="1">[8]</subfield>
    <subfield code="i">NYDA.1960.001.02436.</subfield>
    <subfield code="v">[AVERYimage].</subfield>
    <subfield code="t">Foundation plan ; [foundation details] -- post footing, wall section (see elevations for height of walls), porch piers, section "C-C" :</subfield>
    <subfield code="n">Sheet no. 1.</subfield>
    <subfield code="o">Encapsulated in mylar.</subfield>
  </datafield>
  <datafield tag="789" ind1="0" ind2=" ">
    <subfield code="1">[9]</subfield>
    <subfield code="i">NYDA.1960.001.02437R.</subfield>
    <subfield code="v">[AVERYimage].</subfield>
    <subfield code="t">Foundation plan ; [foundation details] -- post footing, wall section (see elevations for height of walls), porch piers, section "C-C" :</subfield>
    <subfield code="n">Sheet no. 1.</subfield>
  </datafield>
  <datafield tag="789" ind1="0" ind2=" ">
    <subfield code="1">[10]</subfield>
    <subfield code="i">NYDA.1960.001.02437V.</subfield>
    <subfield code="v">[AVERYimage].</subfield>
    <subfield code="t">[Unidentified rough sketches]</subfield>
  </datafield>
  <datafield tag="789" ind1="0" ind2=" ">
    <subfield code="1">[11]</subfield>
    <subfield code="i">NYDA.1960.001.02438.</subfield>
    <subfield code="v">[AVERYimage].</subfield>
    <subfield code="t">1st floor plan :</subfield>
    <subfield code="n">Sheet no. 2.</subfield>
  </datafield>
  <datafield tag="789" ind1="0" ind2=" ">
    <subfield code="1">[12]</subfield>
    <subfield code="i">NYDA.1960.001.02439.</subfield>
    <subfield code="v">[AVERYimage].</subfield>
    <subfield code="t">1st floor plan :</subfield>
    <subfield code="n">Sheet no. 2.</subfield>
  </datafield>
  <datafield tag="789" ind1="0" ind2=" ">
    <subfield code="1">[13]</subfield>
    <subfield code="i">NYDA.1960.001.02440.</subfield>
    <subfield code="v">[AVERYimage].</subfield>
    <subfield code="t">1st floor plan :</subfield>
    <subfield code="n">Sheet no. 2.</subfield>
  </datafield>
  <datafield tag="789" ind1="0" ind2=" ">
    <subfield code="1">[14]</subfield>
    <subfield code="i">NYDA.1960.001.02441.</subfield>
    <subfield code="v">[AVERYimage].</subfield>
    <subfield code="t">1st floor plan :</subfield>
    <subfield code="n">Sheet no. 2.</subfield>
    <subfield code="o">Encapsulated in mylar.</subfield>
  </datafield>
  <datafield tag="789" ind1="0" ind2=" ">
    <subfield code="1">[15]</subfield>
    <subfield code="i">NYDA.1960.001.02442.</subfield>
    <subfield code="v">[AVERYimage].</subfield>
    <subfield code="t">1st floor plan :</subfield>
    <subfield code="n">Sheet no. 2.</subfield>
    <subfield code="o">Encapsulated in mylar.</subfield>
  </datafield>
  <datafield tag="789" ind1="0" ind2=" ">
    <subfield code="1">[16]</subfield>
    <subfield code="i">NYDA.1960.001.02443.</subfield>
    <subfield code="v">[AVERYimage].</subfield>
    <subfield code="t">1st floor plan :</subfield>
    <subfield code="n">Sheet no. 2.</subfield>
    <subfield code="o">Encapsulated in mylar.</subfield>
  </datafield>
  <datafield tag="789" ind1="0" ind2=" ">
    <subfield code="1">[17]</subfield>
    <subfield code="i">NYDA.1960.001.02444.</subfield>
    <subfield code="v">[AVERYimage].</subfield>
    <subfield code="t">1st floor plan :</subfield>
    <subfield code="n">Sheet no. 2.</subfield>
    <subfield code="o">Encapsulated in mylar.</subfield>
  </datafield>
  <datafield tag="789" ind1="0" ind2=" ">
    <subfield code="1">[18]</subfield>
    <subfield code="i">NYDA.1960.001.02445.</subfield>
    <subfield code="v">[AVERYimage].</subfield>
    <subfield code="t">1st floor plan :</subfield>
    <subfield code="n">Sheet no. 2.</subfield>
    <subfield code="o">Encapsulated in mylar.</subfield>
  </datafield>
  <datafield tag="789" ind1="0" ind2=" ">
    <subfield code="1">[19]</subfield>
    <subfield code="i">NYDA.1960.001.02446R.</subfield>
    <subfield code="v">[AVERYimage].</subfield>
    <subfield code="t">1st floor plan :</subfield>
    <subfield code="n">Sheet no. 2.</subfield>
  </datafield>
  <datafield tag="789" ind1="0" ind2=" ">
    <subfield code="1">[20]</subfield>
    <subfield code="i">NYDA.1960.001.02446V.</subfield>
    <subfield code="v">[AVERYimage].</subfield>
    <subfield code="t">[Unidentified rough sketches]</subfield>
  </datafield>
  <datafield tag="789" ind1="0" ind2=" ">
    <subfield code="1">[21]</subfield>
    <subfield code="i">NYDA.1960.001.02447.</subfield>
    <subfield code="v">[AVERYimage].</subfield>
    <subfield code="t">2nd floor plan :</subfield>
    <subfield code="n">Sheet no. 3.</subfield>
  </datafield>
  <datafield tag="789" ind1="0" ind2=" ">
    <subfield code="1">[22]</subfield>
    <subfield code="i">NYDA.1960.001.02448.</subfield>
    <subfield code="v">[AVERYimage].</subfield>
    <subfield code="t">[Sketch of right rear corner of second floor plan]</subfield>
  </datafield>
  <datafield tag="789" ind1="0" ind2=" ">
    <subfield code="1">[23]</subfield>
    <subfield code="i">NYDA.1960.001.02449.</subfield>
    <subfield code="v">[AVERYimage].</subfield>
    <subfield code="t">2nd floor plan :</subfield>
    <subfield code="n">Sheet no. 3.</subfield>
  </datafield>
  <datafield tag="789" ind1="0" ind2=" ">
    <subfield code="1">[24]</subfield>
    <subfield code="i">NYDA.1960.001.02450.</subfield>
    <subfield code="v">[AVERYimage].</subfield>
    <subfield code="t">2nd floor plan :</subfield>
    <subfield code="n">Sheet no. 3.</subfield>
  </datafield>
  <datafield tag="789" ind1="0" ind2=" ">
    <subfield code="1">[25]</subfield>
    <subfield code="i">NYDA.1960.001.02451.</subfield>
    <subfield code="v">[AVERYimage].</subfield>
    <subfield code="t">2nd floor plan :</subfield>
    <subfield code="n">Sheet no. 3.</subfield>
    <subfield code="o">Encapsulated in mylar.</subfield>
  </datafield>
  <datafield tag="789" ind1="0" ind2=" ">
    <subfield code="1">[26]</subfield>
    <subfield code="i">NYDA.1960.001.02452.</subfield>
    <subfield code="v">[AVERYimage].</subfield>
    <subfield code="t">2nd floor plan :</subfield>
    <subfield code="n">Sheet no. 3.</subfield>
    <subfield code="o">Encapsulated in mylar.</subfield>
  </datafield>
  <datafield tag="789" ind1="0" ind2=" ">
    <subfield code="1">[27]</subfield>
    <subfield code="i">NYDA.1960.001.02453.</subfield>
    <subfield code="v">[AVERYimage].</subfield>
    <subfield code="t">2nd floor plan :</subfield>
    <subfield code="n">Sheet no. 3.</subfield>
    <subfield code="o">Encapsulated in mylar.</subfield>
  </datafield>
  <datafield tag="789" ind1="0" ind2=" ">
    <subfield code="1">[28]</subfield>
    <subfield code="i">NYDA.1960.001.02454.</subfield>
    <subfield code="v">[AVERYimage].</subfield>
    <subfield code="t">2nd floor plan :</subfield>
    <subfield code="n">Sheet no. 3.</subfield>
    <subfield code="o">Encapsulated in mylar.</subfield>
  </datafield>
  <datafield tag="789" ind1="0" ind2=" ">
    <subfield code="1">[29]</subfield>
    <subfield code="i">NYDA.1960.001.02455.</subfield>
    <subfield code="v">[AVERYimage].</subfield>
    <subfield code="t">2nd floor plan :</subfield>
    <subfield code="n">Sheet no. 3.</subfield>
    <subfield code="o">Encapsulated in mylar.</subfield>
  </datafield>
  <datafield tag="789" ind1="0" ind2=" ">
    <subfield code="1">[30]</subfield>
    <subfield code="i">NYDA.1960.001.02456.</subfield>
    <subfield code="v">[AVERYimage].</subfield>
    <subfield code="t">2nd floor plan :</subfield>
    <subfield code="n">Sheet no. 3.</subfield>
  </datafield>
  <datafield tag="789" ind1="0" ind2=" ">
    <subfield code="1">[31]</subfield>
    <subfield code="i">NYDA.1960.001.02457.</subfield>
    <subfield code="v">[AVERYimage].</subfield>
    <subfield code="t">Attic plan :</subfield>
    <subfield code="n">Sheet no. 4.</subfield>
  </datafield>
  <datafield tag="789" ind1="0" ind2=" ">
    <subfield code="1">[32]</subfield>
    <subfield code="i">NYDA.1960.001.02458.</subfield>
    <subfield code="v">[AVERYimage].</subfield>
    <subfield code="t">Attic plan :</subfield>
    <subfield code="n">Sheet no. 4.</subfield>
  </datafield>
  <datafield tag="789" ind1="0" ind2=" ">
    <subfield code="1">[33]</subfield>
    <subfield code="i">NYDA.1960.001.02459.</subfield>
    <subfield code="v">[AVERYimage].</subfield>
    <subfield code="t">Attic plan :</subfield>
    <subfield code="n">Sheet no. 4.</subfield>
  </datafield>
  <datafield tag="789" ind1="0" ind2=" ">
    <subfield code="1">[34]</subfield>
    <subfield code="i">NYDA.1960.001.02460.</subfield>
    <subfield code="v">[AVERYimage].</subfield>
    <subfield code="t">Attic plan :</subfield>
    <subfield code="n">Sheet no. 4.</subfield>
    <subfield code="o">Encapsulated in mylar.</subfield>
  </datafield>
  <datafield tag="789" ind1="0" ind2=" ">
    <subfield code="1">[35]</subfield>
    <subfield code="i">NYDA.1960.001.02461.</subfield>
    <subfield code="v">[AVERYimage].</subfield>
    <subfield code="t">Attic plan :</subfield>
    <subfield code="n">Sheet no. 4.</subfield>
    <subfield code="o">Encapsulated in mylar.</subfield>
  </datafield>
  <datafield tag="789" ind1="0" ind2=" ">
    <subfield code="1">[36]</subfield>
    <subfield code="i">NYDA.1960.001.02462.</subfield>
    <subfield code="v">[AVERYimage].</subfield>
    <subfield code="t">Attic plan :</subfield>
    <subfield code="n">Sheet no. 4.</subfield>
    <subfield code="o">Encapsulated in mylar.</subfield>
  </datafield>
  <datafield tag="789" ind1="0" ind2=" ">
    <subfield code="1">[37]</subfield>
    <subfield code="i">NYDA.1960.001.02463.</subfield>
    <subfield code="v">[AVERYimage].</subfield>
    <subfield code="t">Attic plan :</subfield>
    <subfield code="n">Sheet no. 4.</subfield>
    <subfield code="o">Encapsulated in mylar.</subfield>
  </datafield>
  <datafield tag="789" ind1="0" ind2=" ">
    <subfield code="1">[38]</subfield>
    <subfield code="i">NYDA.1960.001.02464.</subfield>
    <subfield code="v">[AVERYimage].</subfield>
    <subfield code="A">ttic plan :</subfield>
    <subfield code="n">Sheet no. 4.</subfield>
    <subfield code="o">Encapsulated in mylar.</subfield>
  </datafield>
  <datafield tag="789" ind1="0" ind2=" ">
    <subfield code="1">[39]</subfield>
    <subfield code="i">NYDA.1960.001.02465.</subfield>
    <subfield code="v">[AVERYimage].</subfield>
    <subfield code="t">Attic plan :</subfield>
    <subfield code="n">Sheet no. 4.</subfield>
  </datafield>
  <datafield tag="789" ind1="0" ind2=" ">
    <subfield code="1">[40]</subfield>
    <subfield code="i">NYDA.1960.001.02466.</subfield>
    <subfield code="v">[AVERYimage].</subfield>
    <subfield code="t">Front (east) elevation ; [interior details] -- section thro' fireplace, west side of living room, west side of dining room, stairs, north side of dining room, west side of den, north side of den, looking west in hall (2nd floor), looking south in hall (2nd floor) :</subfield>
    <subfield code="n">Sheet no. 5.</subfield>
  </datafield>
  <datafield tag="789" ind1="0" ind2=" ">
    <subfield code="1">[41]</subfield>
    <subfield code="i">NYDA.1960.001.02467.</subfield>
    <subfield code="v">[AVERYimage].</subfield>
    <subfield code="t">Front (east) elevation ; [interior details] -- section thro' fireplace, west side of living room, west side of dining room, stairs, north side of dining room, west side of den, north side of den, looking west in hall (2nd floor), looking south in hall (2nd floor) :</subfield>
    <subfield code="n">Sheet no. 5.</subfield>
  </datafield>
  <datafield tag="789" ind1="0" ind2=" ">
    <subfield code="1">[42]</subfield>
    <subfield code="i">NYDA.1960.001.02468.</subfield>
    <subfield code="v">[AVERYimage].</subfield>
    <subfield code="t">Front (east) elevation ; [interior details] -- section thro' fireplace, west side of living room, west side of dining room, stairs, north side of dining room, west side of den, north side of den, looking west in hall (2nd floor), looking south in hall (2nd floor) :</subfield>
    <subfield code="n">Sheet no. 5.</subfield>
  </datafield>
  <datafield tag="789" ind1="0" ind2=" ">
    <subfield code="1">[43]</subfield>
    <subfield code="i">NYDA.1960.001.02469.</subfield>
    <subfield code="v">[AVERYimage].</subfield>
    <subfield code="t">Front (east) elevation ; [interior details] -- section thro' fireplace, west side of living room, west side of dining room, stairs, north side of dining room, west side of den, north side of den, looking west in hall (2nd floor), looking south in hall (2nd floor) :</subfield>
    <subfield code="n">Sheet no. 5.</subfield>
    <subfield code="o">Encapsulated in mylar.</subfield>
  </datafield>
  <datafield tag="789" ind1="0" ind2=" ">
    <subfield code="1">[44]</subfield>
    <subfield code="i">NYDA.1960.001.02470.</subfield>
    <subfield code="v">[AVERYimage].</subfield>
    <subfield code="t">Front (east) elevation ; [interior details] -- section thro' fireplace, west side of living room, west side of dining room, stairs, north side of dining room, west side of den, north side of den, looking west in hall (2nd floor), looking south in hall (2nd floor) :</subfield>
    <subfield code="n">Sheet no. 5.</subfield>
    <subfield code="o">Encapsulated in mylar.</subfield>
  </datafield>
  <datafield tag="789" ind1="0" ind2=" ">
    <subfield code="1">[45]</subfield>
    <subfield code="i">NYDA.1960.001.02471.</subfield>
    <subfield code="v">[AVERYimage].</subfield>
    <subfield code="t">Front (east) elevation ; [interior details] -- section thro' fireplace, west side of living room, west side of dining room, stairs, north side of dining room, west side of den, north side of den, looking west in hall (2nd floor), looking south in hall (2nd floor) :</subfield>
    <subfield code="n">Sheet no. 5.</subfield>
    <subfield code="o">Encapsulated in mylar.</subfield>
  </datafield>
  <datafield tag="789" ind1="0" ind2=" ">
    <subfield code="1">[46]</subfield>
    <subfield code="i">NYDA.1960.001.02472.</subfield>
    <subfield code="v">[AVERYimage].</subfield>
    <subfield code="t">Front (east) elevation ; [interior details] -- section thro' fireplace, west side of living room, west side of dining room, stairs, north side of dining room, west side of den, north side of den, looking west in hall (2nd floor), looking south in hall (2nd floor) :</subfield>
    <subfield code="n">Sheet no. 5.</subfield>
    <subfield code="t">Encapsulated in mylar.</subfield>
  </datafield>
  <datafield tag="789" ind1="0" ind2=" ">
    <subfield code="1">[47]</subfield>
    <subfield code="i">NYDA.1960.001.02473.</subfield>
    <subfield code="v">[AVERYimage].</subfield>
    <subfield code="t">Front (east) elevation ; [interior details] -- section thro' fireplace, west side of living room, west side of dining room, stairs, north side of dining room, west side of den, north side of den, looking west in hall (2nd floor), looking south in hall (2nd floor) ;</subfield>
    <subfield code="n">Sheet no. 5.</subfield>
    <subfield code="o">Encapsulated in mylar.</subfield>
  </datafield>
  <datafield tag="789" ind1="0" ind2=" ">
    <subfield code="1">[48]</subfield>
    <subfield code="i">NYDA.1960.001.02474.</subfield>
    <subfield code="v">[AVERYimage].</subfield>
    <subfield code="t">Front (east) elevation ; [interior details] -- section thro' fireplace, west side of living room, west side of dining room, stairs, north side of dining room, west side of den, north side of den, looking west in hall (2nd floor), looking south in hall (2nd floor) :</subfield>
    <subfield code="n">Sheet no. 5.</subfield>
  </datafield>
  <datafield tag="789" ind1="0" ind2=" ">
    <subfield code="1">[49]</subfield>
    <subfield code="i">NYDA.1960.001.02475.</subfield>
    <subfield code="v">[AVERYimage].</subfield>
    <subfield code="t">North elevation :</subfield>
    <subfield code="n">Sheet no. 6.</subfield>
  </datafield>
  <datafield tag="789" ind1="0" ind2=" ">
    <subfield code="1">[50]</subfield>
    <subfield code="i">NYDA.1960.001.02476.</subfield>
    <subfield code="v">[AVERYimage].</subfield>
    <subfield code="t">North elevation :</subfield>
    <subfield code="n">Sheet no. 6.</subfield>
  </datafield>
  <datafield tag="789" ind1="0" ind2=" ">
    <subfield code="1">[51]</subfield>
    <subfield code="i">NYDA.1960.001.02477.</subfield>
    <subfield code="v">[AVERYimage].</subfield>
    <subfield code="t">North elevation :</subfield>
    <subfield code="n">Sheet no. 6.</subfield>
  </datafield>
  <datafield tag="789" ind1="0" ind2=" ">
    <subfield code="1">[52]</subfield>
    <subfield code="i">NYDA.1960.001.02478.</subfield>
    <subfield code="v">[AVERYimage].</subfield>
    <subfield code="t">North elevation :</subfield>
    <subfield code="n">Sheet no. 6.</subfield>
    <subfield code="o">Encapsulated in mylar.</subfield>
  </datafield>
  <datafield tag="789" ind1="0" ind2=" ">
    <subfield code="1">[53]</subfield>
    <subfield code="i">NYDA.1960.001.02479.</subfield>
    <subfield code="v">[AVERYimage].</subfield>
    <subfield code="t">North elevation :</subfield>
    <subfield code="n">Sheet no. 6.</subfield>
    <subfield code="o">Encapsulated in mylar.</subfield>
  </datafield>
  <datafield tag="789" ind1="0" ind2=" ">
    <subfield code="1">[54]</subfield>
    <subfield code="i">NYDA.1960.001.02480.</subfield>
    <subfield code="v">[AVERYimage].</subfield>
    <subfield code="t">North elevation :</subfield>
    <subfield code="n">Sheet no. 6.</subfield>
    <subfield code="o">Encapsulated in mylar.</subfield>
  </datafield>
  <datafield tag="789" ind1="0" ind2=" ">
    <subfield code="1">[55]</subfield>
    <subfield code="i">NYDA.1960.001.02481.</subfield>
    <subfield code="v">[AVERYimage].</subfield>
    <subfield code="t">North elevation :</subfield>
    <subfield code="n">Sheet no. 6.</subfield>
    <subfield code="o">Encapsulated in mylar.</subfield>
  </datafield>
  <datafield tag="789" ind1="0" ind2=" ">
    <subfield code="1">[56]</subfield>
    <subfield code="i">NYDA.1960.001.02482.</subfield>
    <subfield code="v">[AVERYimage].</subfield>
    <subfield code="t">North elevation :</subfield>
    <subfield code="n">Sheet no. 6.</subfield>
    <subfield code="o">Encapsulated in mylar.</subfield>
  </datafield>
  <datafield tag="789" ind1="0" ind2=" ">
    <subfield code="1">[57]</subfield>
    <subfield code="i">NYDA.1960.001.02483R.</subfield>
    <subfield code="v">[AVERYimage].</subfield>
    <subfield code="t">North elevation :</subfield>
    <subfield code="n">Sheet no. 6.</subfield>
  </datafield>
  <datafield tag="789" ind1="0" ind2=" ">
    <subfield code="1">[58]</subfield>
    <subfield code="i">NYDA.1960.001.02483V.</subfield>
    <subfield code="v">[AVERYimage].</subfield>
    <subfield code="t">[Unidentified rough sketches]</subfield>
  </datafield>
  <datafield tag="789" ind1="0" ind2=" ">
    <subfield code="1">[59]</subfield>
    <subfield code="i">NYDA.1960.001.02484.</subfield>
    <subfield code="v">[AVERYimage].</subfield>
    <subfield code="t">West elevation ; end elevation of porte cochere :</subfield>
    <subfield code="n">Sheet no. 7.</subfield>
  </datafield>
  <datafield tag="789" ind1="0" ind2=" ">
    <subfield code="1">[60]</subfield>
    <subfield code="i">NYDA.1960.001.02485.</subfield>
    <subfield code="v">[AVERYimage].</subfield>
    <subfield code="t">West elevation ; end elevation of porte cochere :</subfield>
    <subfield code="n">Sheet no. 7.</subfield>
  </datafield>
  <datafield tag="789" ind1="0" ind2=" ">
    <subfield code="1">[61]</subfield>
    <subfield code="i">NYDA.1960.001.02486.</subfield>
    <subfield code="v">[AVERYimage].</subfield>
    <subfield code="t">West elevation ; end elevation of porte cochere :</subfield>
    <subfield code="n">Sheet no. 7.</subfield>
    <subfield code="o">Encapsulated in mylar.</subfield>
  </datafield>
  <datafield tag="789" ind1="0" ind2=" ">
    <subfield code="1">[62]</subfield>
    <subfield code="i">NYDA.1960.001.02487.</subfield>
    <subfield code="v">[AVERYimage].</subfield>
    <subfield code="t">West elevation ; end elevation of porte cochere :</subfield>
    <subfield code="n">Sheet no. 7.</subfield>
    <subfield code="o">Encapsulated in mylar.</subfield>
  </datafield>
  <datafield tag="789" ind1="0" ind2=" ">
    <subfield code="1">[63]</subfield>
    <subfield code="i">NYDA.1960.001.02488.</subfield>
    <subfield code="v">[AVERYimage].</subfield>
    <subfield code="t">West elevation ; end elevation of porte cochere :</subfield>
    <subfield code="n">Sheet no. 7.</subfield>
    <subfield code="o">Encapsulated in mylar.</subfield>
  </datafield>
  <datafield tag="789" ind1="0" ind2=" ">
    <subfield code="1">[64]</subfield>
    <subfield code="i">NYDA.1960.001.02489.</subfield>
    <subfield code="v">[AVERYimage].</subfield>
    <subfield code="t">West elevation ; end elevation of porte cochere :</subfield>
    <subfield code="n">Sheet no. 7.</subfield>
    <subfield code="o">Encapsulated in mylar.</subfield>
  </datafield>
  <datafield tag="789" ind1="0" ind2=" ">
    <subfield code="1">[65]</subfield>
    <subfield code="i">NYDA.1960.001.02490.</subfield>
    <subfield code="v">[AVERYimage].</subfield>
    <subfield code="t">West elevation ; end elevation of porte cochere :</subfield>
    <subfield code="n">Sheet no. 7.</subfield>
    <subfield code="o">Encapsulated in mylar.</subfield>
  </datafield>
  <datafield tag="789" ind1="0" ind2=" ">
    <subfield code="1">[66]</subfield>
    <subfield code="i">NYDA.1960.001.02491.</subfield>
    <subfield code="v">[AVERYimage].</subfield>
    <subfield code="t">West elevation ; end elevation of porte cochere :</subfield>
    <subfield code="n">Sheet no. 7.</subfield>
    <subfield code="o">Encapsulated in mylar.</subfield>
  </datafield>
  <datafield tag="789" ind1="0" ind2=" ">
    <subfield code="1">[67]</subfield>
    <subfield code="i">NYDA.1960.001.02492.</subfield>
    <subfield code="v">[AVERYimage].</subfield>
    <subfield code="t">West elevation ; end elevation of porte cochere :</subfield>
    <subfield code="n">Sheet no. 7.</subfield>
  </datafield>
  <datafield tag="789" ind1="0" ind2=" ">
    <subfield code="1">[68]</subfield>
    <subfield code="i">NYDA.1960.001.02493.</subfield>
    <subfield code="v">[AVERYimage].</subfield>
    <subfield code="t">South elevation :</subfield>
    <subfield code="n">Sheet no. 8.</subfield>
  </datafield>
  <datafield tag="789" ind1="0" ind2=" ">
    <subfield code="1">[69]</subfield>
    <subfield code="i">NYDA.1960.001.02494.</subfield>
    <subfield code="v">[AVERYimage].</subfield>
    <subfield code="t">South elevation :</subfield>
    <subfield code="n">Sheet no. 8.</subfield>
  </datafield>
  <datafield tag="789" ind1="0" ind2=" ">
    <subfield code="1">[70]</subfield>
    <subfield code="i">NYDA.1960.001.02495.</subfield>
    <subfield code="v">[AVERYimage].</subfield>
    <subfield code="t">south elevation :</subfield>
    <subfield code="n">Sheet no. 8.</subfield>
  </datafield>
  <datafield tag="789" ind1="0" ind2=" ">
    <subfield code="1">[71]</subfield>
    <subfield code="i">NYDA.1960.001.02496.</subfield>
    <subfield code="v">[AVERYimage].</subfield>
    <subfield code="t">South elevation :</subfield>
    <subfield code="n">Sheet no. 8.</subfield>
    <subfield code="o">Encapsulated in mylar.</subfield>
  </datafield>
  <datafield tag="789" ind1="0" ind2=" ">
    <subfield code="1">[72]</subfield>
    <subfield code="i">NYDA.1960.001.02497.</subfield>
    <subfield code="v">[AVERYimage].</subfield>
    <subfield code="t">South elevation :</subfield>
    <subfield code="n">Sheet no. 8.</subfield>
    <subfield code="o">Encapsulated in mylar.</subfield>
  </datafield>
  <datafield tag="789" ind1="0" ind2=" ">
    <subfield code="1">[73]</subfield>
    <subfield code="i">NYDA.1960.001.02498.</subfield>
    <subfield code="v">[AVERYimage].</subfield>
    <subfield code="t">South elevation :</subfield>
    <subfield code="n">Sheet no. 8.</subfield>
    <subfield code="o">Encapsulated in mylar.</subfield>
  </datafield>
  <datafield tag="789" ind1="0" ind2=" ">
    <subfield code="1">[74]</subfield>
    <subfield code="i">NYDA.1960.001.02499.</subfield>
    <subfield code="v">[AVERYimage].</subfield>
    <subfield code="t">South elevation :</subfield>
    <subfield code="n">Sheet no. 8.</subfield>
    <subfield code="o">Encapsulated in mylar.</subfield>
  </datafield>
  <datafield tag="789" ind1="0" ind2=" ">
    <subfield code="1">[75]</subfield>
    <subfield code="i">NYDA.1960.001.02500.</subfield>
    <subfield code="v">[AVERYimage].</subfield>
    <subfield code="t">South elevation :</subfield>
    <subfield code="n">Sheet no. 8.</subfield>
    <subfield code="o">Encapsulated in mylar.</subfield>
  </datafield>
  <datafield tag="789" ind1="0" ind2=" ">
    <subfield code="1">[76]</subfield>
    <subfield code="i">NYDA.1960.001.02501.</subfield>
    <subfield code="v">[AVERYimage].</subfield>
    <subfield code="t">South elevation :</subfield>
    <subfield code="n">Sheet no. 8.</subfield>
  </datafield>
  <datafield tag="789" ind1="0" ind2=" ">
    <subfield code="1">[77]</subfield>
    <subfield code="i">NYDA.1960.001.02502.</subfield>
    <subfield code="v">[AVERYimage].</subfield>
    <subfield code="t">Auto-barn -- [plan], east elevation, west elevation, north elevation, south elevation ; [detail drawings of windows, walls and roof], detail of sliding doors, F.S.D. of sliding doors.</subfield>
    <subfield code="o">"The work to be done shall be to furnish all labor and materials of best quality and construct and finish the building complete except painting and finish hardware".</subfield>
  </datafield>
  <datafield tag="900" ind1=" " ind2=" ">
    <subfield code="a">AUTH</subfield>
  </datafield>
</record>

</collection>